<record><leader>00000cas a22000007a 4500</leader><controlfield tag="001">20952209</controlfield><controlfield tag="008">900124d19341934mouwr ne      0    0eng d</controlfield><datafield ind1=" " ind2=" " tag="010"><subfield code="a">sn 90061148 </subfield></datafield><datafield ind1=" " ind2=" " tag="040"><subfield code="a">MQN</subfield><subfield code="b">eng</subfield><subfield code="c">MQN</subfield><subfield code="d">OCLCQ</subfield></datafield><datafield ind1=" " ind2=" " tag="042"><subfield code="a">msc</subfield></datafield><datafield ind1="0" ind2=" " tag="130"><subfield code="a">St. Louis County observer (Clayton, Mo.)</subfield></datafield><datafield ind1="1" ind2="0" tag="245"><subfield code="a">St. Louis County observer.</subfield></datafield><datafield ind1="3" ind2="0" tag="246"><subfield code="a">Saint Louis County observer</subfield></datafield><datafield ind1=" " ind2=" " tag="260"><subfield code="a">Clayton, Mo. :</subfield><subfield code="b">St. Louis County Observer,</subfield><subfield code="c">1934.</subfield></datafield><datafield ind1=" " ind2=" " tag="300"><subfield code="a">v.</subfield></datafield><datafield ind1=" " ind2=" " tag="310"><subfield code="a">Weekly</subfield></datafield><datafield ind1="0" ind2=" " tag="362"><subfield code="a">Vol. 1, no. 1 (May 10, 1934)-v. 1, no. 6 (June 14, 1934).</subfield></datafield><datafield ind1=" " ind2=" " tag="752"><subfield code="a">United States</subfield><subfield code="b">Missouri</subfield><subfield code="c">Saint Louis</subfield><subfield code="d">Clayton.</subfield></datafield><datafield ind1="0" ind2="0" tag="785"><subfield code="t">Observer (Clayton, Mo.)</subfield><subfield code="w">(DLC)sn 90061150</subfield></datafield></record>